% References

% Shape matching
@article{shapematching,
    title={Meshless deformations based on shape matching},
    author={M{\"u}ller, Matthias and Heidelberger, Bruno and Teschner, Matthias and Gross, Markus},
    journal={ACM Transactions on Graphics (TOG)},
    volume={24},
    number={3},
    pages={471--478},
    year={2005},
    publisher={ACM}
}
